@string{pami="IEEE transactions on Pattern Analysis and Machine Intelligence"}

@article{qtz:UchArb,
	author ={degentech.},
	title = {https://github.com/degentech/magicbutton},
	journal={This project is an experiment with yield farming features.},
	month=dec, year=2021}
	
@article{eva,
	author ={Eva Wu.},
	title = {The Art and Science of Native Token Liquidity},
	journal={https://www.mechanism.capital/native-token-liquidity/.},
	month=dec, year=2021}	
		
